@article{Cormode05,
  author = {Cormode, Graham and Muthukrishnan, S.},
  title = {An Improved Data Stream Summary: The Count-min Sketch and Its Applications},
  journal = {J. Algorithms},
  issue_date = {April 2005},
  volume = {55},
  number = {1},
  month = apr,
  year = {2005},
  issn = {0196-6774},
  pages = {58--75},
  numpages = {18},
  url = {http://dx.doi.org/10.1016/j.jalgor.2003.12.001},
  acmid = {1073718},
  publisher = {Academic Press, Inc.},
  address = {Duluth, MN, USA},
} 

@INPROCEEDINGS{Cormode11,
  author = {Graham Cormode},
  title = {Sketch techniques for approximate query processing},
  booktitle = {Synposes for Approximate Query Processing: Samples, Histograms, Wavelets and Sketches, Foundations and Trends in Databases. NOW publishers},
  url = {http://citeseerx.ist.psu.edu/viewdoc/summary?doi=10.1.1.374.2889},
  year = {2011}
}